%Moscow Requirements
@book{cleggbarker1994,
	title={{Case method fast-track: a RAD approach}},
	author = {Clegg, D. and Barker, R.},
	publisher={{AddisonWesley, Longman Publishing Co., Inc.}},
	year=1994
}
@book{Software_Requirements,
	title={{Software Requirements, 3rd Edition}},
	author = {Karl Wiegers and Joy Beatty},
	publisher={{Microsoft Press}},
	year=2013
}

@electronic{DomainModeling,
howpublished = { Available at: \url{https://www.scaledagileframework.com/domain-modeling}},
title = {Domain Modeling},
month = {September},
year = "2017",
note = "Accessed: [12 June 2018]"
}
@electronic{usecases,
howpublished = { Available at: \url{https://searchsoftwarequality.techtarget.com/definition/use-case}},
title = {Use case},
author = {Margaret Rouse},
month = {April},
year = "2007",
note = "Accessed: [10 July 2018]"
}

@electronic{usecases2,
howpublished = { Available at: \url{http://www.processimpact.com/articles/usecase.pdf}},
title = {Listening to the Customer's Voice},
author = {Karl E. Wiegers},
year = "1997",
note = "Accessed: [11 July 2018]"
}
@book{usecases3,
	title={{Object Oriented Software Engineering: A Use Case Driven Approach: A Use CASE Approach (ACM Press)}},
	author = {Ivar Jacobson},
	publisher={{Addison-Wesley Professional}},
	year=1992
}


@electronic{aspNetStructure,
howpublished = { Available at: \url{https://docs.microsoft.com/en-us/aspnet/core/fundamentals/servers/?view=aspnetcore-2.1&tabs=aspnetcore2x}},
title = {Web server implementations in ASP.NET Core},
author = {Tom Dykstra, Steve Smith, Stephen Halter and Chris Ross},
month = {March},
year = "2018",
note = "Accessed: [12 July 2018]"
}

@electronic{mvc,
howpublished = { Available at: \url{https://docs.microsoft.com/en-us/aspnet/core/mvc/overview?view=aspnetcore-2.1\#routing}},
title = {What is the MVC pattern?},
author = {Steve Smith},
month = {August},
year = "2018",
note = "Accessed: [15 August 2018]"
}

@book{mvcBook,
	title={{Professional ASP.NET MVC 5)}},
	author = {J. Galloway, B. Wilson, K. Scott Allen and D. Matson},
	publisher={{Wrox}},
	year=2014
}





@electronic{separationOfConcerns,
howpublished = { Available at: \url{https://www.cs.utexas.edu/users/EWD/transcriptions/EWD04xx/EWD447.html}},
title = {On the role of scientific thought},
author = {Edsger W.Dijkstra},
month = {August},
year = "1974",
note = "Accessed: [15 July 2018]"
}


@book{entity_relationship_approach,
	title={{Entity Relationship Approach to Information Modeling and Analysis)}},
	author = {Peter P. Chen},
	publisher={{ER institute (1981)}},
	year=1981
}

@book{object_oriented_modeling_and_design,
	title={{Object-Oriented Modeling and Design with UML: International Edition, 2/E)}},
	author = {Michael R. Blaha, James R. Rumbaugh},
	publisher={{Pearson}},
	year=2005
}



@book{Database_Systems,
	title={{Database Systems, Sixth Edition)}},
	author = {Thomas Conolly, Carolyn Begg},
	publisher={{Pearson}},
	year=2005
}

@book{mysql,
	title={{A Guide to SQL Standard (4th Edition))}},
	author = {C.J. Date, Hugh Darwen},
	publisher={{Addison-Wesley Professional}},
	month = {November},
	year=1996
}




@electronic{modelBinding,
howpublished = { Available at: \url{https://docs.microsoft.com/en-us/aspnet/core/mvc/models/model-binding?view=aspnetcore-2.1}},
title = {Model Binding in ASP.NET Core},
author = {Rachel Appel},
month = {August},
year = "2018",
note = "Accessed: [20 August 2018]"
}


@electronic{routing,
howpublished = { Available at: \url{https://docs.microsoft.com/en-us/aspnet/core/mvc/controllers/routing?view=aspnetcore-2.1}},
title = {Routing to controller actions in ASP.NET Core},
author = {Ryan Nowak and Rick Anderson},
month = {March},
year = "2017",
note = "Accessed: [15 July 2018]"
}

@book{unit,
  title={Software engineering: a practitioner's approach},
  author={Pressman, Roger S},
  month = {April},
  year={2009},
  publisher={McGraw-Hill Higher Education}
}

@book{tdd1,
  title={Test Driven Development: By Example},
  author={Kent Beck},
  month = {November},
  year={2002},
  publisher={Addison-Wesley Professional}
}
@book{tdd2,
  title={Test-Driven Development: A Practical Guide: A Practical Guide},
  author={David Astels},
  month = {July},
  year={2003},
  publisher={Prentice Hall}
}



@book{clean_coder,
	title={{The Clean Coder: A Code of Conduct for Professional Programmers (Robert C. Martin)}},
	author = {Robert Martin},
	month = {May},
	year=2011
}


























@book{mvc2,
	title={{Application Programming in Smalltalk-80: How to Use Model-View-Controller (MVC)}},
	author = {Steve Burbeck},
	year=1987
}














@article{example-citation,
    abstract = {{We describe a set of best practices for scientific software development, based on research and experience, that will improve scientists' productivity and the reliability of their software.}},
    author = {Anne Author},
    doi = {10.xxxx/example.example.0001},
    journal = {Journal of Classic Examples},
    keywords = {stuff},
    month = jan,
    number = {1},
    pages = {e1001745+},
    pmcid = {PMC3886731},
    pmid = {24415924},
    posted-at = {1970-01-01 00:00:01},
    publisher = {Public Library of Science},
    title = {{Example Journal Paper Title}},
    url = {http://dx.doi.org/10.xxx/example.example.0001},
    volume = {1},
    year = {1970}
}

@ARTICLE{wiskott1997face,
  author = {Laurenz Wiskott and Jean-Marc Fellous and Norbert Kr¨¹ger and Christoph
	von der Malsburg},
  title = {Face Recognition by Elastic Bunch Graph Matching},
  journal = {IEEE Transactions on Pattern Analysis and Machine Intelligence},
  year = {1997},
  volume = {19},
  pages = {775--779}
}

@electronic{LFWOfficialResults,
howpublished = {\url{http://vis-www.cs.umass.edu/lfw/results.html}},
title = {Face verification Results in LFW},
author = {Huang, Gary B.},
year = "2013"
}

@electronic{foodWaste,
howpublished = {\url{http://www.fao.org/save-food/resources/keyfindings/en/}},
title = {Key facts on food loss and waste you should know!},
author = {Food and Agriculture Organization of the United Nations},
year = "2011",
note = "[12 March 2018]"
}

@electronic{foodWasteValue,
howpublished = {\url{https://news.nationalgeographic.com/news/2015/01/150122-food-waste-climate-change-hunger/}},
title = {How Reducing Food Waste Could Ease Climate Change},
author = {Roff Smith},
year = "2015",
note = "[8 March 2018]"
}
@electronic{UKWaste,
howpublished = {\url{https://www.lovefoodhatewaste.com/why-save-food}},
title = {Why Save Food},
author = {The Waste and Resources Action Programme},
note = "[10 March 2018]"
}
@electronic{foodWasteCountry,
howpublished = {\url{http://www.fao.org/fileadmin/templates/nr/sustainability_pathways/docs/Factsheet_FOOD-WASTAGE.pdf}},
title = {Food Wastage Footprints},
author = {Food and Agriculture Organization of the United Nations},
year = "2013",
note = "[10 March 2018]"
}

@book{ambler2004object,
  title={The object primer: Agile model-driven development with UML 2.0},
  author={Ambler, Scott W},
  year={2004},
  publisher={Cambridge University Press}
}



@misc{lecture8slides,
howpublished = {\url{https://moodle.ucl.ac.uk/pluginfile.php/79607/mod_resource/content/6/slides8.pdf}},
author = {Roberts, Graham},
Institution = {University College London},
Year = {2018},
Title = {{The Unified Modelling Language, Lecture 8}}
}




@incollection{mckenna1998recognising,
  title={Recognising moving faces},
  author={McKenna, Stephen J and Gong, Shaogang},
  booktitle={Face Recognition},
  pages={578--588},
  year={1998},
  publisher={Springer}
}


@article{rosenberg2007use,
  title={Use case driven object modeling with UML},
  author={Rosenberg, Doug and Stephens, Matt},
  journal={APress, Berkeley, USA},
  year={2007},
  publisher={Springer}
}

@book{daoust2012uml,
  title={{UML} requirements modeling for business analysts: steps to modeling success},
  author={Daoust, Norman},
  year={2012},
  publisher={Technics Publications}
}

@book{podeswa2014uml,
  title={UML for the IT"! Business Analyst: A Practical Guide to Requirements Gathering Using the Unified Modeling Language},
  author={Podeswa, Howard},
  year={2014},
  publisher={Course Technology PTR}
}

@electronic{activitydiagrams,
howpublished = {\url{http://sourcemaking.com/uml/modeling-business-systems/external-view/activity-diagrams}},
title = {Activity Diagrams},
author = {Source Making},
year = "2018",
note = "[17 March 2018]"
}
